@misc{ye2025differentialtransformer,
      title={Differential Transformer}, 
      author={Tianzhu Ye and Li Dong and Yuqing Xia and Yutao Sun and Yi Zhu and Gao Huang and Furu Wei},
      year={2025},
      eprint={2410.05258},
      archivePrefix={arXiv},
      primaryClass={cs.CL},
      url={https://arxiv.org/abs/2410.05258}, 
}

@misc{cang2025dinttransformer,
      title={DINT Transformer}, 
      author={Yueyang Cang and Yuhang Liu and Xiaoteng Zhang and Erlu Zhao and Li Shi},
      year={2025},
      eprint={2501.17486},
      archivePrefix={arXiv},
      primaryClass={cs.CL},
      url={https://arxiv.org/abs/2501.17486}, 
}

